@book{Osterbrock1989,
  author     = {D.E. Osterbrock},
  title      = {Astrophysics of Gaseous Nebulae and Active Galactic Nuclei},
  publisher  = {University Science Books},
  address    = {Mill Valley, California},
  year       = {1989}
}

@article{HuiGnedin1997,
   author    = {L. Hui and N.Y. Gnedin}, 
   title     = {Equation of state of the photoionized intergalactic medium},
   journal   = {Mon. Not. R. Astron. Soc.},
   volume    = {292},
   pages     = {27-42},
   year      = {1997}
}

@article{AbelEtAl1997,
   author    = {T. Abel and P. Anninos and Y. Zhang and M.L. Norman}, 
   title     = {Modeling primordial gas in numerical cosmology},
   journal   = {New Astronomy},
   volume    = {2},
   pages     = {181-207},
   year      = {1997}
}

@article{RazoumovEtAl2002,
   author    = {A.O. Razoumov and M.L. Norman and T. Abel and D. Scott}, 
   title     = {Cosmological hydrogen reionization with three-dimensional 
       radiative transfer},
   journal   = {The Astrophysical Journal},
   volume    = {572},
   pages     = {695-704},
   year      = {2002}
}

@article{Hummer1988,
   author    = {D.G. Hummer}, 
   title     = {A fast and accurate method for evaluating the 
       nonrelativistic free-free Gaunt factor for hydrogenic ions},
   journal   = {The Astrophysical Journal},
   volume    = {327},
   pages     = {477-484},
   year      = {1988}
}

@article{StoreyHummer1991,
   author    = {P.J. Storey and D.G. Hummer}, 
   title     = {Fast computer evaluation of radiative properties of 
       hydrogenic systems},
   journal   = {Comp. Phys. Commun.},
   volume    = {66},
   pages     = {129-141},
   year      = {1991}
}

@article{BryanEtAl1995,
   author    = {G.L. Bryan and M.L. Norman and J.M. Stone and R. Cen 
       and J.P. Ostriker}, 
   title     = {A piecewise parabolic method for cosmological hydrodynamics},
   journal   = {Comp. Phys. Comm.},
   volume    = {89},
   pages     = {149-168},
   year      = {1995}
}

@article{HayesNorman2003,
   author    = {J.C. Hayes and M.L. Norman}, 
   title     = {Beyond Flux-Limited Diffusion: Parallel Algorithms for 
       Multidimensional Radiation Hydrodynamics},
   journal   = {The Astrophysical Journal},
   volume    = {147},
   pages     = {197-220},
   year      = {2003}
}

@article{HayesEtAl2006,
   author    = {J.C. Hayes and M.L. Norman and R.A. Fiedler and J.O. Bordner 
                and P.S. Li and S.E. Clark and A. ud-Doula and M.-M.M. Low}, 
   title     = {Simulating Radiating and Magnetized Flows in Multiple 
                Dimensions with {ZEUS-MP}},
   journal   = {The Astrophysical Journal Supplement Series},
   volume    = {165},
   pages     = {188-228},
   year      = {2006}
}

@book{Kelley1995,
  author     = {C.T. Kelley},
  title      = {Iterative Methods for Linear and Nonlinear Equations},
  publisher  = {Society for Industrial and Applied Mathematics},
  year       = {1995},
  volume     = {16},
  series     = {Frontiers in Applied Mathematics},
}

@article{KnollKeyes2004,
   author    = {D.A. Knoll and D.E. Keyes},
   title     = {Jacobian-free {N}ewton--{K}rylov methods: a survey of 
       approaches and applications},
   journal   = {J. Comp. Phys.},
   volume    = {193},
   pages     = {357-397},
   year      = {2004}
}

@article{LevermorePomraning1981,
   author    = {C.D. Levermore and G.C. Pomraning}, 
   title     = {A Flux-Limited Diffusion Theory},
   journal   = {The Astrophysical Journal},
   volume    = {248},
   pages     = {321-334},
   year      = {1981}
}

@article{Levermore1984,
   author    = {C.D. Levermore}, 
   title     = {Relating Eddington Factors to Flux Limiters},
   journal   = {J. Quant. Spectrosc. Radiat. Transfer},
   volume    = {31},
   number    = {2},
   pages     = {149-160},
   year      = {1984}
}


@Article{Morel2000,
  author = 	 {Morel, J.~E.},
  title = 	 {Diffusion-limit asymptotics of the transport equation, 
                  the $P_{1/3}$ euqations, and two flux-limited diffusion 
                  theories},
  journal = 	 {J. Quant. Spectrosc. Radiat. Transfer},
  year = 	 {2000},
  volume = 	 {65},
  pages = 	 {769--778}
}

@PhdThesis{Paschos2005,
  author     = {Paschalis Paschos},
  title      = {On the Ionization and Chemical Evolution of the 
       Intergalactic Medium},
  school     = {University of Illinois at Urbana-Champaign},
  year       = {2005},
}


@article{GroppEtAl2000,
   author    = {W.D. Gropp and D.E. Keyes and L.C. Mc{I}nnes and
       M.D. Tidriri},
   title     = {Globalized {N}ewton--{K}rylov--{S}chwarz Algorithms and
       Software for Parallel Implicit {C}{F}{D}},
   journal   = {Int. J. High Performance Computing Applications},
   year      = {2000},
   volume    = {14},
   pages     = {102-136}
}


@article{VanAlbadaEtAl1982,
   author    = {G.D. van Albada and B. van Leer and W.W. Roberts, Jr.},
   title     = {A Comparative Study of Computational Methods in 
       Cosmic Gas Dynamics},
   journal   = {Astron. Astrophys.},
   year      = {1982},
   volume    = {108},
   pages     = {76-84}
}


@article{Venkatakrishnan1995,
   author    = {V. Venkatakrishnan},
   title     = {Convergence to Steady State Solutions of the Euler Equations 
       on Unstructured Grids with Limiters},
   journal   = {J. Comp. Phys.},
   year      = {1995},
   volume    = {118},
   pages     = {120-130}
}


@article{WeiserEtAl2005,
   author    = {M. Weiser and A. Schiela and P. Deuflhard},
   title     = {Asymptotic mesh independence of Newton's method revisited},
   journal   = {SIAM J. Numer. Anal.},
   volume    = {42},
   pages     = {1830-1845},
   year      = {2005}
}

